@article{AbedonHymanThomas2003,
    author = "Abedon, S. T. and Hyman, P. and Thomas, C.",
    year = "2003",
    title = "Experimental examination of bacteriophage latent-period evolution as a response to bacterial availability",
    journal = "Applied and Environmental Microbiology",
    volume = "69",
    pages = "7499-7506"
}



@article{greenwade93,
    author  = "Greenwade, George D.",
    title   = "The {C}omprehensive {T}ex {A}rchive {N}etwork ({CTAN})",
    year    = "1993",
    journal = "TUGBoat",
    volume  = "14",
    number  = "3",
    pages   = "342--351"
}



@book{goossens93,
    author    = "Goossens, Michel and Mittlebach, Frank and Samarin, Alexander",
    title     = "The Latex Companion",
    year      = "1993",
    publisher = "Addison-Wesley",
    address   = "Reading, Massachusetts"
}



@incollection{Abedon1994,
    author = "Abedon, S. T.",
    title = "Lysis and the interaction between free phages and infected cells",
    pages = "397-405",
    booktitle = "Molecular biology of bacteriophage T4",
    editor = "Karam, Jim D. Karam and Drake, John W. and Kreuzer, Kenneth N. and Mosig, Gisela
    and Hall, Dwight and Eiserling, Frederick A. and Black, Lindsay W. and Kutter, Elizabeth
    and Carlson, Karin and Miller, Eric S. and Spicer, Eleanor",
    publisher = "ASM Press, Washington DC",
    year = "1994"
}
